@book{prodanov2013,
  title={Metodologia do Trabalho Cient{\'\i}fico: M{\'e}todos e T{\'e}cnicas da Pesquisa e do Trabalho Acad{\^e}mico-2{\textordfeminine} Edi{\c{c}}{\~a}o},
  author={Prodanov, Cleber Cristiano and de Freitas, Ernani Cesar},
  year={2013},
  publisher={Editora Feevale}
}

@book{demo2000,
  title={Metodologia do conhecimento cient{\'\i}fico},
  author={Demo, Pedro},
  year={2000},
  publisher={Atlas}
}

@book{gil2008,
	title={Métodos e técnicas de pesquisa social. 6. ed. São Paulo},
	author={Antonio Carlos Gil},
	year={2008},
	publisher={Atlas}
}

@book{gil1999,
	title={Métodos e técnicas de pesquisa social. 5. ed. São Paulo},
	author={Antonio Carlos Gil},
	year={1999},
	publisher={Atlas}
}

@book{ferreira2003,
  title={Seguran{\c{c}}a da informa{\c{c}}{\~a}o},
  author={Ferreira, Fernando Nicolau Freitas},
  year={2003},
  publisher={Ci{\^e}ncia Moderna}
}

@misc{carissimi2009,
  title={Redes de Computadores. Cole{\c{c}}{\~a}o: Livros Did{\'a}ticos Inform{\'a}tica-UFRGS},
  author={Carissimi, Alexandre da Silva and Granville, Lisandro Zambenedetti and Rochol, Juergen},
  year={2009},
  publisher={Bookman}
}

@book{marcelo2003,
  title={Honeypots: a arte de iludir hackers},
  author={Marcelo, Antonio and Pitanga, Marcos},
  year={2003},
  publisher={Brasport}
}

@book{mohammed2015,
  title={Honeypots and Routers: Collecting Internet Attacks},
  author={Mohammed, Mohssen and Rehman, Habib-ur},
  year={2015},
  publisher={CRC Press}
}

@book{zwicky2000,
  title={Building internet firewalls},
  author={Zwicky, Elizabeth D and Cooper, Simon and Chapman, D Brent},
  year={2000},
  publisher={" O'Reilly Media, Inc."}
}

@book{kurose2010,
  title={Redes de Computadores ea Internet: uma abordagem top-down},
  author={Kurose, James F and Ross, Keith W and Marques, Arlete Simille and Zucchi, Wagner Luiz},
  year={2010},
  publisher={Pearson}
}

@article{nakamura2000,
  title={Um modelo de seguran{\c{c}}a de redes para ambientes cooperativos},
  author={Nakamura, Emilio Tissato},
  year={2007},
  publisher={Campinas, SP}
}

@book{Wrightson2014,
  title={Segurança de Redes Sem Fio: Guia do Iniciante},
  author={Wrightson, Tyler},
  year={2014},
  publisher={Bookman}
}

@book{spitzner2003,
  title={Honeypots: tracking hackers},
  author={Spitzner, Lance},
  volume={1},
  year={2003},
  publisher={Addison-Wesley Reading}
}

@book{fontes2012,
  title={Pol{\'\i}ticas e Normas para a Seguran{\c{c}}a da Informa{\c{c}}{\~a}o},
  author={Fontes, Edison},
  year={2012},
  publisher={Brasport}
}

@article{batistela2009,
  title={Identifica{\c{c}}{\~a}o e an{\'a}lise de tr{\'a}fego malicioso atrav{\'e}s do uso de honeypots},
  author={Batistela, Vin{\'\i}cius and Trentin, Marco Antonio},
  journal={Revista Brasileira de Computa{\c{c}}{\~a}o Aplicada},
  volume={1},
  number={1},
  pages={2--14},
  year={2009}
}

@article{carbonemecanismo,
  title={Um Mecanismo para Coleta Automatizada de Evid{\^e}ncias Digitais em Honeypots de Alta Interatividade},
  author={Carbone, Martim and de Geus, Paulo},
 journal={SCIENTIA – Revista de Computação da Unisinos},
year={2004}
}

@book{assunccao2009,
  title={Honeypots e honeynets: aprenda a detectar e enganar os invasores.-},
  author={Assun{\c{c}}{\~a}o, Marcos Fl{\'a}vio A},
  year={2009},
  publisher={Visual Books}
}

@article{simoes2009,
  title={Estudo de ferramentas para honeypots instaláveis em
máquinas virtuais perfazendo uma honeynet virtual},
  author={Simões, Sydney and Silva, Filho},
 journal={Curso de Redes e Segurança de Sistemas
Pontifícia Universidade Católica do Paraná},
year={2009}
}





