% This file was created with JabRef 2.10.
% Encoding: UTF-8


@Article{Akiyama2010,
  Title                    = {Design and implementation of high interaction client honeypot for drive-by-download attacks},
  Author                   = {Akiyama, Mitsuaki and Iwamura, Makoto and Kawakoya, Yuhei},
  Year                     = {2010},
  Number                   = {5},
  Pages                    = {1131--1139},
  Volume                   = {93},

  __markedentry            = {[fernando:6]},
  Journal                  = {IEICE transactions on communications},
  Owner                    = {fernando},
  Publisher                = {The Institute of Electronics, Information and Communication Engineers},
  Timestamp                = {2016.03.02}
}

@InProceedings{Al-Gharabally:2009:WHS:1551950.1551969,
  Title                    = {Wireless Honeypots: Survey and Assessment},
  Author                   = {Al-Gharabally, Noor and El-Sayed, Nosayba and Al-Mulla, Sara and Ahmad, Imtiaz},
  Booktitle                = {Proceedings of the 2009 Conference on Information Science, Technology and Applications},
  Year                     = {2009},

  Address                  = {New York, NY, USA},
  Pages                    = {45--52},
  Publisher                = {ACM},
  Series                   = {ISTA '09},

  Acmid                    = {1551969},
  Doi                      = {10.1145/1551950.1551969},
  ISBN                     = {978-1-60558-478-2},
  Keywords                 = {deception, honeypots, survey, wireless},
  Location                 = {Kuwait, Kuwait},
  Numpages                 = {8},
  Url                      = {http://doi.acm.org/10.1145/1551950.1551969}
}

@Article{AlissonPuska2014,
  Title                    = {Caracterização de Tráfego Indesejado em Redes TCP/IP
Usando um Honeypot de Baixa Interatividade},
  Author                   = {Alisson Puska, Aldri Santos, Michele Nogueira},
  Year                     = {2014},

  Owner                    = {fernando},
  Timestamp                = {2016.03.02}
}

@Article{AndreRicardoAbedGregio2004,
  Title                    = {DEFESA DO PERÍMETRO DE REDES SEM FIO: PROPOSTA, IMPLEMENTAÇÃO E VALIDAÇÃO DE UMA WIRELESS HONEYNET PARA DETECÇÃO DE INTRUSOS},
  Author                   = {André Ricardo Abed Grégio, Adriano Mauro Cansian},
  Year                     = {2004},

  Owner                    = {fernando},
  Timestamp                = {2016.03.02}
}

@MastersThesis{Andrucioli2005,
  Title                    = {PROPOSTA E AVALIAÇÃO DE UM MODELO ALTERNATIVO BASEADO EM HONEYNET PARA IDENTIFICAÇÃO DE ATAQUES E CLASSIFICAÇÃO
DE ATACANTES NA INTERNET},
  Author                   = {Alexandre Pina Andrucioli},
  School                   = {Universidade Federal do Rio de Janeiro},
  Year                     = {2005},
  Note                     = {Preciso ler essa teste},

  Owner                    = {fernando},
  Timestamp                = {2016.03.02}
}

@Monografia{Araujo2010,
  Title                    = {Utilização de honeypot e estudo comportamental de invasores na administração da segurança em redes},
  Author                   = {Alan Alves Araújo},
  School                   = {Universidade Gama Filho},
  Year                     = {2010},
  Pages                    = {1 - 46},

  Owner                    = {fernando},
  Timestamp                = {2016.03.02}
}

@Article{Artail2006,
  Title                    = {A hybrid honeypot framework for improving intrusion detection systems in protecting organizational networks},
  Author                   = {Artail, Hassan and Safa, Haidar and Sraj, Malek and Kuwatly, Iyad and Al-Masri, Zaid},
  Year                     = {2006},
  Number                   = {4},
  Pages                    = {274--288},
  Volume                   = {25},

  __markedentry            = {[fernando:6]},
  Journal                  = {computers \& security},
  Owner                    = {fernando},
  Publisher                = {Elsevier},
  Timestamp                = {2016.03.02}
}

@Article{BalajiDarapareddy2012,
  Title                    = {An Advanced Honeypot System for Efficient Capture and Analysis of Network Attack Traffic},
  Author                   = {Balaji Darapareddy, Vijayadeep Gummadi},
  Year                     = {2012},

  Owner                    = {fernando},
  Timestamp                = {2016.03.02}
}

@Monografia{Bell2014,
  Title                    = {Building a Honeypot to Research Cyber-Attack Techniques},
  Author                   = {Simon Bell},
  School                   = {University of Sussex},
  Year                     = {2014},
  Pages                    = {1 - 69},

  Owner                    = {fernando},
  Timestamp                = {2016.03.01}
}

@InProceedings{Biedermann:2012:FDE:2381913.2381916,
  Title                    = {Fast Dynamic Extracted Honeypots in Cloud Computing},
  Author                   = {Biedermann, Sebastian and Mink, Martin and Katzenbeisser, Stefan},
  Booktitle                = {Proceedings of the 2012 ACM Workshop on Cloud Computing Security Workshop},
  Year                     = {2012},

  Address                  = {New York, NY, USA},
  Pages                    = {13--18},
  Publisher                = {ACM},
  Series                   = {CCSW '12},

  Acmid                    = {2381916},
  Doi                      = {10.1145/2381913.2381916},
  ISBN                     = {978-1-4503-1665-1},
  Keywords                 = {cloud computing, honeypot, security-as-a-service},
  Location                 = {Raleigh, North Carolina, USA},
  Numpages                 = {6},
  Url                      = {http://doi.acm.org/10.1145/2381913.2381916}
}

@Monografia{Burdino2009,
  Title                    = {Honeypots como Estratégia de Segurança para Redes},
  Author                   = {Luís Cláudio Burdino},
  School                   = {Centro Universitário de Brasília – UniCEUB},
  Year                     = {2009},

  Owner                    = {fernando},
  Timestamp                = {2016.03.02}
}

@InProceedings{Christoforou:2015:HCU:2801948.2802021,
  Title                    = {HoneyCY: A Configurable Unified Management Framework for Open-source Honeypot Services},
  Author                   = {Christoforou, Andreas and Gjermundr{\o}d, Harald and Dionysiou, Ioanna},
  Booktitle                = {Proceedings of the 19th Panhellenic Conference on Informatics},
  Year                     = {2015},

  Address                  = {New York, NY, USA},
  Pages                    = {161--164},
  Publisher                = {ACM},
  Series                   = {PCI '15},

  Acmid                    = {2802021},
  Doi                      = {10.1145/2801948.2802021},
  ISBN                     = {978-1-4503-3551-5},
  Keywords                 = {honeypot, proactive defense, unified management},
  Location                 = {Athens, Greece},
  Numpages                 = {4},
  Url                      = {http://doi.acm.org/10.1145/2801948.2802021}
}

@InProceedings{DeCristofaro:2014:PLU:2663716.2663729,
  Title                    = {Paying for Likes?: Understanding Facebook Like Fraud Using Honeypots},
  Author                   = {De Cristofaro, Emiliano and Friedman, Arik and Jourjon, Guillaume and Kaafar, Mohamed Ali and Shafiq, M. Zubair},
  Booktitle                = {Proceedings of the 2014 Conference on Internet Measurement Conference},
  Year                     = {2014},

  Address                  = {New York, NY, USA},
  Pages                    = {129--136},
  Publisher                = {ACM},
  Series                   = {IMC '14},

  Acmid                    = {2663729},
  Doi                      = {10.1145/2663716.2663729},
  ISBN                     = {978-1-4503-3213-2},
  Keywords                 = {honeypots, malicious activities, online social networks},
  Location                 = {Vancouver, BC, Canada},
  Numpages                 = {8},
  Url                      = {http://doi.acm.org/10.1145/2663716.2663729}
}

@Monografia{Gatti2009,
  Title                    = {Honeypot: Conceitos gerais e Implantação com software livre de baixa interatividade},
  Author                   = {Raphael Franco Gatti},
  School                   = {Universidade de São Francisco},
  Year                     = {2009},

  Owner                    = {fernando},
  Timestamp                = {2016.03.02}
}

@Article{Gobel2009,
  Title                    = {Amun: A Python Honeypot},
  Author                   = {Jan Gobel},
  Year                     = {2009},

  Owner                    = {fernando},
  Timestamp                = {2016.03.02}
}

@Monografia{Jesus2010,
  Title                    = {Honeypot de alta-interatividade para detecção e contenção de botnets: caso UFBA},
  Author                   = {Thiago Lima Bomfim de Jesus},
  School                   = {UNIVERSIDADE FEDERAL DA BAHIA},
  Year                     = {2010},

  Owner                    = {fernando},
  Timestamp                = {2016.03.02}
}

@Article{JoaoM.Ceron2012,
  Title                    = {Vulnerabilidades em Aplicações Web: uma Análise Baseada nos Dados Coletados em Honeypots},
  Author                   = {João M. Ceron, Leonardo L. Fagundes, Glauco A. Ludwig, Liane Tarouco, Leandro Bertholdo},
  Year                     = {2012},

  Owner                    = {fernando},
  Timestamp                = {2016.03.02}
}

@Article{Johnson2009,
  Title                    = {The honeypot study protocol: a randomized controlled trial of exit-site application of medihoney antibacterial wound gel for the prevention of catheter-associated infections in peritoneal dialysis patients},
  Author                   = {Johnson, David W and Clark, Carolyn and Isbel, Nicole M and Hawley, Carmel M and Beller, Elaine and Cass, Alan and De Zoysa, Janak and McTaggart, Steven and Playford, Geoffrey and Rosser, Brenda and others},
  Year                     = {2009},
  Number                   = {3},
  Pages                    = {303--309},
  Volume                   = {29},

  __markedentry            = {[fernando:6]},
  Journal                  = {Peritoneal dialysis international},
  Owner                    = {fernando},
  Publisher                = {Multimed Inc},
  Timestamp                = {2016.03.02}
}

@Article{K.G.Anagnostakis2010,
  Title                    = {Detecting Targeted Attacks Using Shadow Honeypots},
  Author                   = {K. G. Anagnostakis, S. Sidiroglou, P. Akritidis, K. Xinidis, E. Markatos, A. D. Keromytis},
  Year                     = {2010},

  Owner                    = {fernando},
  Timestamp                = {2016.03.02}
}

@InProceedings{Khattab:2006:HBM:1898699.1898901,
  Title                    = {Honeypot Back-propagation for Mitigating Spoofing Distributed Denial-of-service Attacks},
  Author                   = {Khattab, Sherif and Melhem, Rami and Moss{\'e}, Daniel and Znati, Taieb},
  Booktitle                = {Proceedings of the 20th International Conference on Parallel and Distributed Processing},
  Year                     = {2006},

  Address                  = {Washington, DC, USA},
  Pages                    = {351--351},
  Publisher                = {IEEE Computer Society},
  Series                   = {IPDPS'06},

  Acmid                    = {1898901},
  ISBN                     = {1-4244-0054-6},
  Location                 = {Rhodes Island, Greece},
  Numpages                 = {1},
  Url                      = {http://dl.acm.org/citation.cfm?id=1898699.1898901}
}

@Article{MARAL2006,
  Title                    = {Estudo de taxonomia de ataques e atacantes em um honeypot de alta interação},
  Author                   = {LAERTE PEOTTA DE MELO, DINO MACEDO AMARAL},
  Year                     = {2006},

  Owner                    = {fernando},
  Timestamp                = {2016.03.02}
}

@InProceedings{Lee:2010:SHP:1772690.1772843,
  Title                    = {The Social Honeypot Project: Protecting Online Communities from Spammers},
  Author                   = {Lee, Kyumin and Caverlee, James and Webb, Steve},
  Booktitle                = {Proceedings of the 19th International Conference on World Wide Web},
  Year                     = {2010},

  Address                  = {New York, NY, USA},
  Pages                    = {1139--1140},
  Publisher                = {ACM},
  Series                   = {WWW '10},

  Acmid                    = {1772843},
  Doi                      = {10.1145/1772690.1772843},
  ISBN                     = {978-1-60558-799-8},
  Keywords                 = {social honeypots, social media, spam},
  Location                 = {Raleigh, North Carolina, USA},
  Numpages                 = {2},
  Url                      = {http://doi.acm.org/10.1145/1772690.1772843}
}

@InProceedings{Lee:2010:USS:1835449.1835522,
  Title                    = {Uncovering Social Spammers: Social Honeypots + Machine Learning},
  Author                   = {Lee, Kyumin and Caverlee, James and Webb, Steve},
  Booktitle                = {Proceedings of the 33rd International ACM SIGIR Conference on Research and Development in Information Retrieval},
  Year                     = {2010},

  Address                  = {New York, NY, USA},
  Pages                    = {435--442},
  Publisher                = {ACM},
  Series                   = {SIGIR '10},

  Acmid                    = {1835522},
  Doi                      = {10.1145/1835449.1835522},
  ISBN                     = {978-1-4503-0153-4},
  Keywords                 = {social honeypots, social media, spam},
  Location                 = {Geneva, Switzerland},
  Numpages                 = {8},
  Url                      = {http://doi.acm.org/10.1145/1835449.1835522}
}

@Article{LuizGustavoC.Barbato2011,
  Title                    = {TÉCNICAS DE OCULTAÇÃO DE TRÁFEGO DE REDE EM HONEYPOTS DE ALTA INTERATIVIDADE},
  Author                   = {Luiz Gustavo C. Barbato, Antonio Montes},
  Year                     = {2011},

  Owner                    = {fernando},
  Timestamp                = {2016.03.01}
}

@Article{MarcoA.Trentin2012,
  Title                    = {Proposta de Implementação de uma Honeypot para Detecção de Vulnerabilidades},
  Author                   = {Marco A. Trentin, Gustavo S. Linden, Alcides A. S. Coelho Júnior, André L. Fávero},
  Year                     = {2012},
  Pages                    = {1-7},

  Owner                    = {fernando},
  Timestamp                = {2016.03.01}
}

@InProceedings{Markert:2013:HFW:2536853.2536941,
  Title                    = {Honeypot Framework for Wireless Sensor Networks},
  Author                   = {Markert, J\"{u}rgen and Massoth, Michael},
  Booktitle                = {Proceedings of International Conference on Advances in Mobile Computing \&\#38; Multimedia},
  Year                     = {2013},

  Address                  = {New York, NY, USA},
  Pages                    = {217:217--217:223},
  Publisher                = {ACM},
  Series                   = {MoMM '13},

  Acmid                    = {2536941},
  Articleno                = {217},
  Doi                      = {10.1145/2536853.2536941},
  ISBN                     = {978-1-4503-2106-8},
  Location                 = {Vienna, Austria},
  Numpages                 = {7},
  Url                      = {http://doi.acm.org/10.1145/2536853.2536941}
}

@Article{P.Diebold2005,
  Title                    = {A Honeypot Architecture for Detecting and Analyzing Unknown Network Attacks},
  Author                   = {P. Diebold, A. Hess, G. Sch ̈afer},
  Year                     = {2005},

  Owner                    = {fernando},
  Timestamp                = {2016.03.02}
}

@Article{PabloRezendeSILVA,
  Title                    = {O USO DA FERRAMENTA DE HONEYPOT KIPPO PARA A SEGURANÇA DE REDES},
  Author                   = {Pablo Rezende SILVA, Daves Márcio Silva MARTINS},
  Year                     = {2015},

  Owner                    = {fernando},
  Timestamp                = {2016.03.02}
}

@Article{PingWang2008,
  Title                    = {Honeypot Detection in Advanced Botnet Attacks},
  Author                   = {Ping Wang, Lei Wu, Ryan Cunningham, Cliff C. Zou},
  Year                     = {2008},

  Owner                    = {fernando},
  Timestamp                = {2016.03.02}
}

@MastersThesis{ROCHA2006,
  Title                    = {UTILIZAÇÃO DE UM AMBIENTE DE HONEYNET NO TREINAMENTO DE REDES NEURAIS ARTIFICIAIS PARA DETECÇÃO DE INTRUSÃO},
  Author                   = {DANIEL LYRA ROCHA},
  School                   = {UNIVERSIDADE DE BRASÍLIA FACULDADE DE TECNOLOGIA},
  Year                     = {2006},

  Owner                    = {fernando},
  Timestamp                = {2016.03.02}
}

@Article{Siles2007,
  Title                    = {HoneySpot:
The Wireless Honeypot. Monitoring the Attacker’s Activities in Wireless Networks. A design and architectural overview},
  Author                   = {Raúl Siles},
  Year                     = {2007},
  Volume                   = {The Spanish Honeynet Project (SHP)},

  Owner                    = {fernando},
  Timestamp                = {2016.03.02}
}

@Monografia{SilvaBrito2010,
  Title                    = {Uso de honeypots de baixa interatividade na coleta e estudo de spams no contexto do CERT.Bahia},
  Author                   = {Italo Valcy da Silva Brito},
  School                   = {UNIVERSIDADE FEDERAL DA BAHIA},
  Year                     = {2010},

  Owner                    = {fernando},
  Timestamp                = {2016.03.02}
}

@Article{SilvaFilho2009,
  Title                    = {Estudo de ferramentas para honeypots instaláveis em máquinas virtuais perfazendo uma honeynet virtual},
  Author                   = {Sidney Simões e Silva Filho},
  Year                     = {2009},

  Owner                    = {fernando},
  Timestamp                = {2016.03.02}
}

@Monografia{SousaMartinsJunior2006,
  Title                    = {Honeypot: Conceitos gerais e implementação de um Honeytoken.},
  Author                   = {José de Sousa Martins Junior},
  School                   = {Universidade de São Francisco},
  Year                     = {2006},

  Owner                    = {fernando},
  Timestamp                = {2016.03.02}
}

@Article{SteveWebb2014,
  Title                    = {Social Honeypots: Making Friends With A Spammer Near You},
  Author                   = {Steve Webb, James Caverlee, Calton Pu},
  Year                     = {2014},

  Owner                    = {fernando},
  Timestamp                = {2016.03.02}
}

@InProceedings{Stockman:2015:OHS:2808062.2808069,
  Title                    = {An Open-Source Honeynet System to Study System Banner Message Effects on Hackers},
  Author                   = {Stockman, Mark and Heile, Robert and Rein, Anthony},
  Booktitle                = {Proceedings of the 4th Annual ACM Conference on Research in Information Technology},
  Year                     = {2015},

  Address                  = {New York, NY, USA},
  Pages                    = {19--22},
  Publisher                = {ACM},
  Series                   = {RIIT '15},

  Acmid                    = {2808069},
  Doi                      = {10.1145/2808062.2808069},
  ISBN                     = {978-1-4503-3836-3},
  Keywords                 = {cybercrime, cybersecurity, deterrence, hacking, honeynets, honeypots, network security},
  Location                 = {Chicago, Illinois, USA},
  Numpages                 = {4},
  Url                      = {http://doi.acm.org/10.1145/2808062.2808069}
}

@InProceedings{Tiwari:2012:INS:2381716.2381875,
  Title                    = {Improving Network Security and Design Using Honeypots},
  Author                   = {Tiwari, Ritu and Jain, Abhishek},
  Booktitle                = {Proceedings of the CUBE International Information Technology Conference},
  Year                     = {2012},

  Address                  = {New York, NY, USA},
  Pages                    = {847--852},
  Publisher                = {ACM},
  Series                   = {CUBE '12},

  Acmid                    = {2381875},
  Doi                      = {10.1145/2381716.2381875},
  ISBN                     = {978-1-4503-1185-4},
  Keywords                 = {HIHAT, honeynet, honeypot, sebek, snort},
  Location                 = {Pune, India},
  Numpages                 = {6},
  Url                      = {http://doi.acm.org/10.1145/2381716.2381875}
}

@InProceedings{Vasilomanolakis:2013:TNI:2516760.2516763,
  Title                    = {This Network is Infected: HosTaGe - a Low-interaction Honeypot for Mobile Devices},
  Author                   = {Vasilomanolakis, Emmanouil and Karuppayah, Shankar and Fischer, Mathias and M\"{u}hlh\"{a}user, Max and Plasoianu, Mihai and Pandikow, Lars and Pfeiffer, Wulf},
  Booktitle                = {Proceedings of the Third ACM Workshop on Security and Privacy in Smartphones \&\#38; Mobile Devices},
  Year                     = {2013},

  Address                  = {New York, NY, USA},
  Pages                    = {43--48},
  Publisher                = {ACM},
  Series                   = {SPSM '13},

  Acmid                    = {2516763},
  Doi                      = {10.1145/2516760.2516763},
  ISBN                     = {978-1-4503-2491-5},
  Keywords                 = {android, malware, mobile honeypot, security},
  Location                 = {Berlin, Germany},
  Numpages                 = {6},
  Url                      = {http://doi.acm.org/10.1145/2516760.2516763}
}

@InProceedings{Vasilomanolakis:2014:HMH:2659651.2659663,
  Title                    = {HosTaGe: A Mobile Honeypot for Collaborative Defense},
  Author                   = {Vasilomanolakis, Emmanouil and Karuppayah, Shankar and M\"{u}hlh\"{a}user, Max and Fischer, Mathias},
  Booktitle                = {Proceedings of the 7th International Conference on Security of Information and Networks},
  Year                     = {2014},

  Address                  = {New York, NY, USA},
  Pages                    = {330:330--330:333},
  Publisher                = {ACM},
  Series                   = {SIN '14},

  Acmid                    = {2659663},
  Articleno                = {330},
  Doi                      = {10.1145/2659651.2659663},
  ISBN                     = {978-1-4503-3033-6},
  Keywords                 = {Android, Hostage, Mobile Honeypot, Security},
  Location                 = {Glasgow, Scotland, UK},
  Numpages                 = {4},
  Url                      = {http://doi.acm.org/10.1145/2659651.2659663}
}

@Article{Zhang:2013:AHP:2542095.2542111,
  Title                    = {ACM HotMobile 2013 Poster: Detecting Fake Check-ins in Location-based Social Networks Through Honeypot Venues},
  Author                   = {Zhang, Ke and Pelechrinis, Konstantinos and Krishnamurthy, Prashant},
  Year                     = {2013},

  Month                    = nov,
  Number                   = {3},
  Pages                    = {29--30},
  Volume                   = {17},

  Acmid                    = {2542111},
  Address                  = {New York, NY, USA},
  Doi                      = {10.1145/2542095.2542111},
  ISSN                     = {1559-1662},
  Issue_date               = {July 2013},
  Journal                  = {SIGMOBILE Mob. Comput. Commun. Rev.},
  Numpages                 = {2},
  Publisher                = {ACM},
  Url                      = {http://doi.acm.org/10.1145/2542095.2542111}
}

@comment{jabref-entrytype: Monografia: req[author;school;title;year] opt[month;note;number;pages;volume]}

